@misc{schulman2017trustregionpolicyoptimization,
      title={Trust Region Policy Optimization}, 
      author={John Schulman and Sergey Levine and Philipp Moritz and Michael I. Jordan and Pieter Abbeel},
      year={2017},
      eprint={1502.05477},
      archivePrefix={arXiv},
      primaryClass={cs.LG},
      url={https://arxiv.org/abs/1502.05477}, 
}

@misc{schulman2017proximalpolicyoptimizationalgorithms,
      title={Proximal Policy Optimization Algorithms}, 
      author={John Schulman and Filip Wolski and Prafulla Dhariwal and Alec Radford and Oleg Klimov},
      year={2017},
      eprint={1707.06347},
      archivePrefix={arXiv},
      primaryClass={cs.LG},
      url={https://arxiv.org/abs/1707.06347}, 
}

@misc{pathak2017curiositydrivenexplorationselfsupervisedprediction,
      title={Curiosity-driven Exploration by Self-supervised Prediction}, 
      author={Deepak Pathak and Pulkit Agrawal and Alexei A. Efros and Trevor Darrell},
      year={2017},
      eprint={1705.05363},
      archivePrefix={arXiv},
      primaryClass={cs.LG},
      url={https://arxiv.org/abs/1705.05363}, 
}

@misc{wang2024prioritizedgenerativereplay,
      title={Prioritized Generative Replay}, 
      author={Renhao Wang and Kevin Frans and Pieter Abbeel and Sergey Levine and Alexei A. Efros},
      year={2024},
      eprint={2410.18082},
      archivePrefix={arXiv},
      primaryClass={cs.LG},
      url={https://arxiv.org/abs/2410.18082}, 
}

@inproceedings{Schmidhuber1991APF,
  title={A possibility for implementing curiosity and boredom in model-building neural controllers},
  author={J{\"u}rgen Schmidhuber},
  year={1991},
  url={https://api.semanticscholar.org/CorpusID:18060048}
}